<?xml version="1.0" encoding="UTF-8"?><collection xmlns="http://www.loc.gov/MARC21/slim"><record><leader>00458nam--2200169-u-4500</leader><controlfield tag="001">000050823</controlfield><controlfield tag="002">20161230</controlfield><controlfield tag="005">20161230201048</controlfield><controlfield tag="008">080410s1000------------r-----000-0-eng-d</controlfield><datafield ind1=" " ind2=" " tag="040"><subfield code="a">IFIN-HH</subfield></datafield><datafield ind1="1" ind2=" " tag="100"><subfield code="a">Hermann, R</subfield></datafield><datafield ind1="1" ind2="0" tag="245"><subfield code="a">Gauge Fields and Cartan-Ehresmann Connections, Part A</subfield></datafield><datafield ind1=" " ind2=" " tag="260"><subfield code="a">Brookline</subfield><subfield code="b">Math Sci Press</subfield><subfield code="c">1975</subfield></datafield><datafield ind1=" " ind2=" " tag="300"><subfield code="a">515 p</subfield></datafield><datafield ind1=" " ind2=" " tag="490"><subfield code="a">Interdisciplinary Mathematics</subfield><subfield code="v">vol. X</subfield></datafield><datafield ind1=" " ind2=" " tag="852"><subfield code="a">42776</subfield><subfield code="c">51</subfield></datafield><datafield ind1=" " ind2=" " tag="CAT"><subfield code="a">Sys</subfield><subfield code="c">20080410</subfield><subfield code="h">105819</subfield></datafield></record></collection>